<?xml version="1.0" encoding="UTF-8"?><collection xmlns="http://www.loc.gov/MARC21/slim"><record><leader>00343nam--2200121-i-4500</leader><controlfield tag="001">000024794</controlfield><controlfield tag="002">20161230</controlfield><controlfield tag="005">20161230201035</controlfield><controlfield tag="008">060222s1000------------r-----000-0-eng-d</controlfield><datafield ind1=" " ind2=" " tag="080"><subfield code="a">621.52(085)</subfield></datafield><datafield ind1=" " ind2=" " tag="245"><subfield code="a">Huntington. vacuum components and research equipment</subfield></datafield><datafield ind1=" " ind2=" " tag="260"><subfield code="a">Mountain View, Huntington Laboratories, Inc., 1984, 186 P</subfield></datafield><datafield ind1=" " ind2=" " tag="852"><subfield code="a">D.2183</subfield></datafield></record></collection>